@book{9780521543101,
  Author = {Michael Huth and Mark Ryan},
  Title = {Logic in Computer Science: Modelling and Reasoning about Systems},
  Publisher = {Cambridge University Press},
  Year = {2004},
  ISBN = {978-0-521-54310-1},
  edition = {Second}
}